<?xml version="1.0" encoding="UTF-8"?><collection xmlns="http://www.loc.gov/MARC21/slim"><record><leader>00453nam--2200133-i-4500</leader><controlfield tag="001">000016514</controlfield><controlfield tag="002">20161230</controlfield><controlfield tag="005">20161230201031</controlfield><controlfield tag="008">060222s1000------------r-----000-0-eng-d</controlfield><datafield ind1=" " ind2=" " tag="080"><subfield code="a">621.039</subfield></datafield><datafield ind1=" " ind2=" " tag="100"><subfield code="a">Blix, Hans</subfield></datafield><datafield ind1=" " ind2=" " tag="245"><subfield code="a">Statement to hte 39th session of the general c onference of the iaea 18 september 1995. state ment to the 50th session of the united nations general assembly 1 november 1995</subfield></datafield><datafield ind1=" " ind2=" " tag="260"><subfield code="a">Vienna, Iaea, 1995. 33 P</subfield></datafield><datafield ind1=" " ind2=" " tag="852"><subfield code="a">80488</subfield></datafield></record></collection>